<record><leader>00000cas a22000007a 4500</leader><controlfield tag="001">12935951</controlfield><controlfield tag="008">851219d19091917utuwr ne      0    0eng d</controlfield><datafield ind1=" " ind2=" " tag="010"><subfield code="a">sn 85058350 </subfield></datafield><datafield ind1=" " ind2=" " tag="040"><subfield code="a">UNP</subfield><subfield code="b">eng</subfield><subfield code="c">UNP</subfield><subfield code="d">UBY</subfield><subfield code="d">OCLCQ</subfield><subfield code="d">OCLCF</subfield><subfield code="d">OCLCO</subfield></datafield><datafield ind1=" " ind2=" " tag="042"><subfield code="a">msc</subfield></datafield><datafield ind1=" " ind2=" " tag="043"><subfield code="a">n-us-ut</subfield></datafield><datafield ind1=" " ind2="4" tag="050"><subfield code="a">AN2.U8</subfield><subfield code="b">J83</subfield></datafield><datafield ind1="0" ind2="0" tag="245"><subfield code="a">Juab County times.</subfield></datafield><datafield ind1=" " ind2=" " tag="260"><subfield code="a">Nephi City, Utah :</subfield><subfield code="b">J. Coleman,</subfield><subfield code="c">1909-</subfield></datafield><datafield ind1=" " ind2=" " tag="300"><subfield code="a">v. :</subfield><subfield code="b">ill.</subfield></datafield><datafield ind1=" " ind2=" " tag="310"><subfield code="a">Weekly</subfield></datafield><datafield ind1="0" ind2=" " tag="362"><subfield code="a">Vol. 1, no. 1 (Oct. 15, 1909)-</subfield></datafield><datafield ind1="1" ind2=" " tag="362"><subfield code="a">Ceased with Mar. 23, 1917 issue.</subfield><subfield code="z">Cf. Alter, J.C. Early Utah journalism.</subfield></datafield><datafield ind1=" " ind2=" " tag="525"><subfield code="a">Supplements accompany some issues.</subfield></datafield><datafield ind1=" " ind2=" " tag="580"><subfield code="a">Merged with: Nephi City news (non-extant?), to form: Times-news (Nephi, Utah).</subfield></datafield><datafield ind1=" " ind2="0" tag="651"><subfield code="a">Nephi (Utah)</subfield><subfield code="v">Newspapers.</subfield></datafield><datafield ind1=" " ind2="0" tag="651"><subfield code="a">Juab County (Utah)</subfield><subfield code="v">Newspapers.</subfield></datafield><datafield ind1=" " ind2="7" tag="655"><subfield code="a">Newspapers.</subfield><subfield code="2">fast</subfield><subfield code="0">(OCoLC)fst01423814</subfield></datafield><datafield ind1=" " ind2="7" tag="651"><subfield code="a">Utah</subfield><subfield code="z">Juab County.</subfield><subfield code="2">fast</subfield><subfield code="0">(OCoLC)fst01212875</subfield></datafield><datafield ind1=" " ind2="7" tag="651"><subfield code="a">Utah</subfield><subfield code="z">Nephi.</subfield><subfield code="2">fast</subfield><subfield code="0">(OCoLC)fst01205864</subfield></datafield><datafield ind1=" " ind2=" " tag="752"><subfield code="a">United States</subfield><subfield code="b">Utah</subfield><subfield code="c">Juab</subfield><subfield code="d">Nephi.</subfield></datafield><datafield ind1="0" ind2="0" tag="780"><subfield code="t">Nephi record</subfield><subfield code="w">(DLC)sn 85058349</subfield><subfield code="w">(OCoLC)12935948</subfield></datafield><datafield ind1="1" ind2="7" tag="785"><subfield code="t">Nephi City news</subfield></datafield><datafield ind1="1" ind2="7" tag="785"><subfield code="t">Times-news (Nephi, Utah)</subfield><subfield code="w">(DLC)sn 85058351</subfield><subfield code="w">(OCoLC)12935960</subfield></datafield></record>